2202 3787
72 182 119 213 xv
895 158 1227 203 PRAEFATIO.

238 306 509 368 Citantur
562 315 795 377 semper
858 302 1165 366 auctoreS,
1239 294 1445 354 icones
1530 292 1661 353 fere
1728 312 1930 352 omnes
1997 305 2057 353 et

80 423 405 488 synonyma
445 397 717 479 plurima,
761 391 968 452 addito
1015 392 1240 464 colore,
1296 392 1490 472 patria
1535 400 1594 450 ct
1634 389 2054 471 magnitudine„

236 502 582 578 Diagnoses
628 513 755 553 cum
790 512 877 558 ex
912 492 1144 572 optimis
1177 491 1419 570 scriptis
1464 491 1757 550 botanicis
1785 491 2057 569 integrae

82 609 324 670 summe,
366 606 482 656 tum
517 592 950 671 descriptiones
986 589 1356 669 copiosiores
1393 597 1451 648 et
1482 588 1763 660 fusiores,
1807 607 1882 647 ne
1925 587 2059 646 libri

84 703 354 762 volumen
406 702 466 753 et
519 691 765 771 pretium
817 688 988 747 nimis
1040 694 1359 765 augeatur,
1425 687 1792 747 brevioribus
1854 687 2058 746 verbis

84 809 144 862 et
192 792 618 858 concisioribus
669 787 883 846 illaeso
933 783 1300 864 dia-gnoseos
1348 803 1532 844 sensu
1583 783 1860 844 redditae
1906 792 2055 842 sunt.

245 896 316 956 In
373 883 771 950 describenda
825 885 1146 964 graminum
1200 882 1426 942 familia
1478 881 1731 941 Kunthii
1798 879 2058 941 ordinem

88 1006 146 1059 et
200 986 510 1055 dividendi
562 985 848 1045 rationem
902 988 1145 1041 secutus
1205 1001 1346 1039 sum.
1450 980 1635 1040 Plura
1684 981 1866 1061 igitur
1913 999 2058 1059 gra-—

85 1097 292 1157 minum
343 1099 594 1168 genera,
658 1089 721 1142 ut
765 1078 1051 1159 Oryzam,
1106 1080 1462 1139 B-'ambusam
1501 1086 1609 1139 etc.
1668 1077 1749 1138 ad
1803 1078 2061 1137 classem

87 1201 320 1256 sextam
351 1182 704 1268 pertinentia
758 1177 839 1238 ad
893 1197 1061 1236 usum
1115 1178 1378 1258 inprimis
1434 1178 1680 1237 tironum
1729 1178 1792 1239 in
1855 1174 2062 1238 ordine

88 1287 353 1354 secundo
398 1280 620 1344 classis
664 1278 877 1337 tertiae
927 1274 1235 1335 collocavi.

248 1383 443 1449 Index
486 1379 834 1459 scriptorum
862 1375 1261 1434 botanicorum
1305 1382 1364 1434 et
1404 1369 1905 1436 abbreviationum
1949 1393 2064 1435 ex·-

89 1486 339 1573 plor-atio
395 1489 454 1541 et
509 1474 823 1539 illustratio
890 1471 1029 1531 huic
1081 1465 1360 1532 volumini
1413 1471 1680 1533 addetur.
1775 1466 2063 1533 Necesse

90 1590 264 1652 etiam
319 1588 454 1654 est,
503 1595 631 1637 cum
683 1568 990 1632 retardata
1038 1566 1399 1650 aliquamdiu
1444 1567 1626 1631 editio
1669 1571 1844 1652 hujus
1889 1571 2063 1631 volu-

89 1681 260 1752 minis
302 1675 471 1764 primi
515 1675 610 1746 sit,
664 1668 1089 1754 supplementa,
1131 1664 1412 1751 imprimis
1458 1690 1537 1730 ex
1579 1669 1831 1729 Kunthii
1853 1662 2064 1750 Cype-

89 1772 413 1866 rographia
453 1792 639 1854 nuper
679 1764 939 1852 prolata,
983 1760 1229 1840 Hilarii,
1272 1768 1562 1840 Hookeri,
1605 1762 1835 1841 BlumiL
1877 1767 2066 1828 Wal-

88 1883 256 1946 lichii
307 1878 667 1951 aliorumque
719 1862 962 1948 scriptis
1005 1873 1208 1925 'nostro
1260 1866 1409 1927 libro
1462 1864 1718 1940 addere,
1782 1879 1934 1946 quae
1988 1862 2066 1927 li·-

88 1981 320 2049 brarius
362 1985 636 2052 tanquam
676 1967 1019 2028 mantissam
1060 1959 1358 2047 propriam
1409 1965 1621 2046 paucis
1673 1972 1811 2047 post
1855 1963 2068 2028 diebus

90 2083 379 2147 missurus
423 2079 532 2134 est.

199 2224 202 2225 γ
252 2173 610 2253 Indulgeant
665 2161 837 2237 mihi,
907 2162 1006 2242 qui
1067 2154 1469 2222 difficillimum
1531 2158 1647 2221 hoc
1709 2178 1750 2223 a
1810 2177 1902 2222 me
1958 2175 2066 2222 su·-

0 2327 15 2373 ,-
93 2285 358 2361 sceptum
411 2288 560 2353 opus
616 2283 759 2326 esse
823 2260 1156 2339 intelligant
1217 2268 1276 2320 et
1338 2261 1727 2340 cognoverint
1779 2268 1957 2340 atque
2006 2260 2065 2320 in

0 2563 26 2588 ᾗ*

94 2380 348 2443 futurum
397 2362 640 2432 auxiliis
694 2356 823 2423 suis
865 2380 957 2421 me
1001 2357 1287 2440 adjuvent
1328 2359 1602 2420 lectores,

0 2514 96 2571 ᾗ
255 2558 450 2621 Jenae
491 2568 674 2617 mens.
713 2545 833 2609 Jul.
879 2538 1475 2607 MDCCCXXXIX„

1236 2845 1580 2908 Davides
1614 2841 1993 2906 Ilien-ich.
