2202 3787
569 1013 1708 1093 Praefatio.

1014 1233 1265 1242 ...η-...θῇ

140 1343 417 1432 Mullum
461 1368 690 1432 adhoc
730 1388 924 1451 usque
967 1380 1199 1452 tempus
1246 1367 1324 1431 de
1367 1367 1589 1451 plantis
1634 1368 1901 1432 omnibus
1944 1366 2146 1434 adhuc

139 1474 398 1553 cognitis
444 1480 504 1532 et
549 1470 873 1554 descriptis
916 1471 1218 1532 recentius
1264 1490 1416 1551 opus
1462 1467 1683 1530 editum
1725 1477 1846 1544 est,
1891 1470 1948 1531 si
1989 1471 2143 1532 Lin-

139 1574 278 1633 naei
322 1573 688 1656 systematis..
719 1571 1038 1633 editionem
1083 1569 1373 1632 decimam
1417 1577 1654 1630 sextam
1695 1589 1735 1629 a
1777 1567 2143 1652 Sprengelio

140 1681 404 1733 curatam
471 1681 650 1752 atque
717 1670 1025 1734 Candoflii
1096 1669 1470 1753 prodromum
1548 1670 1865 1732 omittimus
1875 1715 1894 1746 ‚
1985 1668 2145 1751 quod

136 1781 518 1856 praesentem
560 1773 891 1855 plantarum
936 1771 1196 1854 copiam,
1262 1789 1417 1851 quae
1468 1777 1533 1830 ut
1584 1770 1806 1831 scimus
1849 1770 2145 1832 maximo-

136 1893 283 1955 pere
349 1882 526 1934 aucta
559 1882 706 1948 gest,
770 1872 985 1956 paucis
1047 1879 1270 1932 tantum
1329 1870 1724 1932 voluminibus
1776 1870 2144 1954 complecta-

136 1981 244 2033 tur.
334 1974 470 2048 Qua
524 1993 592 2034 re
648 1958 967 2034 commotus
1019 1970 1091 2033 id
1139 1971 1281 2032 mihi
1331 1971 1698 2054 propositum
1751 1977 1849 2031 est
1899 1970 2144 2054 plantas

137 2093 368 2150 omneS‚
437 2093 823 2154 quaecunque
876 2073 1186 2156 praesenti
1226 2080 1490 2155 tempore
1526 2071 1926 2145 innotuerunt,
1983 2070 2142 2133 Per-

139 2175 369 2234 sonium
414 2175 720 2235 aemulans
745 2195 853 2257 pro
898 2173 1190 2235 facultate
1232 2193 1366 2234 mea
1409 2179 1471 2233 et
1499 2172 1729 2234 viribus
1771 2169 2143 2255 perscrutari

139 2281 201 2334 et
261 2272 626 2335 desei-ibere.
750 2275 1114 2355 Quamquam
1178 2271 1587 2335 difficillimum
1659 2271 1779 2334 hoc
1838 2271 2144 2354 negotium

139 2379 264 2447 est,
338 2372 595 2434 maximo
659 2371 853 2435 tamen
911 2372 1112 2435 studio
1179 2379 1241 2436 et
1294 2393 1494 2435 amore
1555 2370 1639 2434 ad
1695 2391 1820 2433 rem
1880 2371 2143 2434 accessi.

136 2470 305 2532 Usus
363 2493 490 2532 sum
544 2474 606 2533 in
658 2472 978 2536 scribendo
1032 2475 1150 2536 hoc
1208 2474 1360 2537 libro
1426 2473 1672 2556 scriptis
1737 2472 2142 2536 botanicorum

135 2572 391 2634 maxime
436 2573 880 2649 excellentium,
933 2583 997 2636 ut
1043 2572 1352 2651 Candolli,
1408 2571 1785 2655 Sprengelii,
1838 2571 2145 2635 Reichen-

140 2671 356 2746 bachii,
401 2663 645 2747 Κο01111,
689 2672 973 2750 Kanthii,
1025 2675 1164 2737 Alb.
1209 2673 1557 2750 Dietrichii,
1600 2672 1818 2735 Blumii
1861 2671 2141 2734 aliorum-

145 2791 275 2850 que,
323 2793 475 2852 quae
515 2780 574 2834 et
619 2773 979 2837 bibliotheca
1021 2795 1155 2837 mea
1195 2775 1500 2848 botonica‚
1568 2781 1629 2835 et
1669 2773 1985 2834 amicorum
2025 2771 2143 2834 hu-

142 2872 396 2931 manitas
441 2880 619 2951 atque
662 2874 1109 2950 benevolentia,
1175 2887 1235 2937 et
1277 2874 1681 2938 Vimariensis
1726 2879 1906 2953 atque
1948 2870 2142 2935 (51001-

142 2971 442 3051 tingensis
498 2975 714 3055 ingens
767 2975 1045 3038 librorum
1086 2975 1407 3036 thesaurus
1450 2973 1593 3036 mihi
1633 2971 1923 3056 praebuit.

311 3072 633 3155 Descripsi
698 3074 938 3156 plantas
1003 3073 1328 3154 secundum
1396 3081 1667 3157 systema
1715 3072 2144 3146 Linnaeanum,

142 3167 383 3251 adjecto
428 3192 665 3255 semper
706 3138 1304 3237 famfiifflffifflfs
1345 3175 1581 3236 nomine
1620 3174 1683 3235 in
1726 3168 2144 3234 enumerandis

143 3270 402 3349 singulis
447 3274 798 3352 generibus,
852 3274 1011 3336 hanc
1055 3275 1128 3336 ob
1188 3295 1460 3349 causam,
1512 3280 1579 3335 ut
1627 3291 1747 3333 non
1786 3270 1978 3333 solum
2026 3268 2146 3331 viri

143 3365 389 3442 eruditi,
453 3369 570 3432 sed
621 3374 798 3434 etiam
853 3375 1080 3438 tirones
1121 3374 1497 3459 investigare
1536 3371 1778 3458 plantas
1829 3389 1948 3436 non
1986 3367 2145 3433 satis

142 3468 422 3547 cognitas
468 3469 653 3534 facile
696 3474 948 3556 possint.
1765 3557 1807 3598 a:
